@article{yassine2022,
  author={Yassine, Taha and Le Magoarou, Luc},
  journal={IEEE Transactions on Wireless Communications}, 
  title={mpNet: Variable Depth Unfolded Neural Network for Massive MIMO Channel Estimation}, 
  year={2022},
  volume={21},
  number={7},
  pages={5703-5714},
  % doi={10.1109/TWC.2022.3142737}
}

@inproceedings{lemagoarou2022,
  author    = {Le Magoarou, Luc and Yassine, Taha and Paquelet, Stéphane and Crussière, Matthieu},
  booktitle = {ICASSP 2022 - 2022 IEEE International Conference on Acoustics, Speech and Signal Processing (ICASSP)},
  title     = {Deep Learning for Location Based Beamforming with Nlos Channels},
  year      = {2022},
  volume    = {},
  number    = {},
  pages     = {8812-8816},
  % doi       = {10.1109/ICASSP43922.2022.9747293}
}

@inproceedings{yassine2022b,
  author    = {Yassine, Taha and Magoarou, Luc Le and Paquelet, Stéphane and Crussière, Matthieu},
  booktitle = {2022 IEEE 23rd International Workshop on Signal Processing Advances in Wireless Communication (SPAWC)},
  title     = {Leveraging triplet loss and nonlinear dimensionality reduction for on-the-fly channel charting},
  year      = {2022},
  volume    = {},
  number    = {},
  pages     = {1-5},
  % doi       = {10.1109/SPAWC51304.2022.9834035}
}